<?xml version="1.0" encoding="UTF-8"?><record xmlns="http://www.loc.gov/MARC21/slim" xmlns:cinclude="http://apache.org/cocoon/include/1.0" xmlns:zs="http://www.loc.gov/zing/srw/">
  <leader>01241nz  a2200193n  4500</leader>
  <controlfield tag="001">no2012012721</controlfield>
  <controlfield tag="003">DLC</controlfield>
  <controlfield tag="005">20120129075331.0</controlfield>
  <controlfield tag="008">120127n| acannaabn          |a ana     c</controlfield>
  <datafield tag="010" ind1=" " ind2=" ">
    <subfield code="a">no2012012721</subfield>
  </datafield>
  <datafield tag="035" ind1=" " ind2=" ">
    <subfield code="a">(OCoLC)oca09098102</subfield>
  </datafield>
  <datafield tag="040" ind1=" " ind2=" ">
    <subfield code="a">UkCU</subfield>
    <subfield code="b">eng</subfield>
    <subfield code="c">UkCU</subfield>
  </datafield>
  <datafield tag="110" ind1="2" ind2=" ">
    <subfield code="a">78 Lyndhurst Way (Peckham, London, England : Art Gallery)</subfield>
  </datafield>
  <datafield tag="410" ind1="2" ind2=" ">
    <subfield code="a">Number 78 Lyndhurst Way (Peckham, London, England : Art Gallery)</subfield>
  </datafield>
  <datafield tag="410" ind1="2" ind2=" ">
    <subfield code="a">Seventy-eight Lyndhurst Way (Peckham, London, England : Art Gallery)</subfield>
  </datafield>
  <datafield tag="410" ind1="2" ind2=" ">
    <subfield code="a">Lyndhurst Way (Peckham, London, England : Art Gallery)</subfield>
  </datafield>
  <datafield tag="670" ind1=" " ind2=" ">
    <subfield code="a">Lyndhurst Way, 2007:</subfield>
    <subfield code="b">cover (Lyndhurst Way) p. 9 (78 Lyndhurst Way; grade-II listed house sold to an investment company in 200, then occupied by various groups of squatters; first exhibition held in autumn 2006)</subfield>
  </datafield>
  <datafield tag="670" ind1=" " ind2=" ">
    <subfield code="a">Wikipedia, Jan. 27, 2012:</subfield>
    <subfield code="b">Lyndhurst Way (78 Lyndhurst Way was a squat in a Victorian-period house in Peckham, South East London, England, which was known predominantly as an art exhibitions space run by a group of young artists in their mid-twenties; exhibitions began on Nov. 3, 2006 and closed on Oct. 7, 2007)</subfield>
  </datafield>
  <datafield tag="670" ind1=" " ind2=" ">
    <subfield code="a">Lyndhurst Way WWW pages, Jan. 27, 2012:</subfield>
    <subfield code="b">home page (Lyndhurst Way) favicon (78)</subfield>
    <subfield code="u">http://www.spaceplatform.net/</subfield>
  </datafield>
</record>